% Encoding: UTF-8

@Misc{bookexample,
 title = {Фамилия И.О. Название книги. — Город издательства: <<Издательство>>, Год. — Количество страниц.}
}

@Misc{wikiRUDendrit,
 title = {Дендрит [Электронный ресурс] Википедия — свободная энцциклопедия. Режим доступа:
 \href{https://ru.wikipedia.org/wiki/Дендрит_(кристалл)}{https://ru.wikipedia.org/wiki/Дендрит_(кристалл)}.},
 urldate = {2024-03-10}
}

@Misc{wikiRUPython,
  title = {Python [Электронный ресурс] Википедия — свободная энциклопедия. Режим доступа:
 \href{https://ru.wikipedia.org/wiki/Python}{https://ru.wikipedia.org/wiki/Python}.},
 urldate = {2024-03-10}
}

@Misc{wikiRUООП,
 title = {Объектно-ориентированное программирование [Электронный ресурс] Википедия — свободная энцциклопедия. Режим доступа: \href{https://ru.wikipedia.org/wiki/Объектно-ориентированное_программирование}{https://ru.wikipedia.org/wiki/Объектно-ориентированное_программирование}.},
 urldate = {2024-03-10}
}

@Misc{wikiRUTKinter,
 title = {TKinter [Электронный ресурс] Википедия — свободная энцциклопедия. Режим доступа: \href{https://ru.wikipedia.org/wiki/Tkinter}{https://ru.wikipedia.org/wiki/Tkinter}.},
 urldate = {2024-03-10}
}

@Misc{wikiRUPyCharm,
 title = {PyCharm [Электронный ресурс] Википедия — свободная энцциклопедия. Режим доступа: \href{https://ru.wikipedia.org/wiki/PyCharm}{https://ru.wikipedia.org/wiki/PyCharm}.},
 urldate = {2024-03-10}
}


@Comment{jabref-meta: databaseType:biblatex;}
